@article{Settles2010,
author = {Settles, Burr},
doi = {10.1.1.167.4245},
file = {:Users/arongdari/Documents/Mendeley Desktop/settles.activelearning.pdf:pdf},
issn = {00483931},
journal = {Machine Learning},
mendeley-groups = {Active Learning {\&} Bandit,Active Learning {\&} Bandit/Active},
number = {2},
pages = {201--221},
title = {{Active Learning Literature Survey}},
volume = {15},
year = {2010}
}

@article{hoffart2013yago2,
  title={YAGO2: A spatially and temporally enhanced knowledge base from Wikipedia},
  author={Hoffart, Johannes and Suchanek, Fabian M and Berberich, Klaus and Weikum, Gerhard},
  journal={Artificial Intelligence},
  volume={194},
  pages={28--61},
  year={2013},
  publisher={Elsevier}
}

@article{kim2013context,
  title={Context-Dependent Conceptualization},
  author={Kim, Dongwoo and Wang, Haixun and Oh, Alice},
  journal={Proceedings of IJCAI},
  year={2013}
}

@inproceedings{sondhi2014mining,
  title={Mining Semi-Structured Online Knowledge Bases to Answer Natural Language Questions on Community QA Websites},
  author={Sondhi, Parikshit and Zhai, ChengXiang},
  booktitle={Proceedings of CIKM},
  pages={341--350},
  year={2014},
  organization={ACM}
}

@inproceedings{jiang2015improving,
  title={Improving Ranking Consistency for Web Search by Leveraging a Knowledge Base and Search Logs},
  author={Jiang, Jyun-Yu and Liu, Jing and Lin, Chin-Yew and Cheng, Pu-Jen},
  booktitle={Proceedings of CIKM},
  pages={1441--1450},
  year={2015},
  organization={ACM}
}

@inproceedings{he2015learning,
  title={Learning to Represent Knowledge Graphs with Gaussian Embedding},
  author={He, Shizhu and Liu, Kang and Ji, Guoliang and Zhao, Jun},
  booktitle={Proceedings of CIKM},
  pages={623--632},
  year={2015},
  organization={ACM}
}

@inproceedings{wei2015large,
  title={Large-scale Knowledge Base Completion: Inferring via Grounding Network Sampling over Selected Instances},
  author={Wei, Zhuoyu and Zhao, Jun and Liu, Kang and Qi, Zhenyu and Sun, Zhengya and Tian, Guanhua},
  booktitle={Proceedings of CIKM},
  pages={1331--1340},
  year={2015},
  organization={ACM}
}

@article{VanDerMaaten2008,
author = {{Van Der Maaten}, L J P and Hinton, G E},
doi = {10.1007/s10479-011-0841-3},
file = {:Users/arongdari/Documents/Mendeley Desktop/tsne.pdf:pdf},
isbn = {1532-4435},
issn = {1532-4435},
journal = {Journal of Machine Learning Research},
keywords = {dimensionality reduction,embedding algorithms,manifold learning,multidimensional scaling,visualization},
pages = {2579--2605},
pmid = {20652508},
title = {{Visualizing high-dimensional data using t-sne}},
url = {http://www.ncbi.nlm.nih.gov/entrez/query.fcgi?db=pubmed{\&}cmd=Retrieve{\&}dopt=AbstractPlus{\&}list{\_}uids=7911431479148734548related:VOiAgwMNy20J},
volume = {9},
year = {2008}
}


@inproceedings{Schein2015,
archivePrefix = {arXiv},
arxivId = {1506.03493},
author = {Schein, Aaron and Paisley, John and Blei, David M and Wallach, Hanna},
booktitle = {Proceedings of KDD},
doi = {10.1145/2783258.2783414},
eprint = {1506.03493},
file = {:Users/arongdari/Documents/Mendeley Desktop/schein15bayesian.pdf:pdf},
isbn = {9781450336642},
issn = {9781450336642},
keywords = {all or part of,bayesian inference,dyadic data,international relations,or hard copies of,permission to make digital,poisson tensor factorization,this work for per-},
title = {{Bayesian Poisson Tensor Factorization for Inferring Multilateral Relations from Sparse Dyadic Event Counts Categories and Subject Descriptors}},
url = {http://www.cs.columbia.edu/{~}blei/papers/ScheinPaisleyBleiWallach2015.pdf},
volume = {2009},
year = {2015}
}

@article{Doucet2011,
author = {Doucet, Arnaud and Johansen, Am},
doi = {10.1.1.157.772},
file = {:Users/arongdari/Documents/Mendeley Desktop/doucet{\_}johansen{\_}tutorialPF.pdf:pdf},
isbn = {978-0199532902},
issn = {01677152},
journal = {Handbook of Nonlinear Filtering},
number = {December},
pages = {656--704},
title = {{A tutorial on particle filtering and smoothing: fifteen years later}},
year = {2011}
}

@article{lindsten2014divide,
  title={Divide-and-Conquer with Sequential Monte Carlo},
  author={Lindsten, Fredrik and Johansen, Adam M and Naesseth, Christian A and Kirkpatrick, Bonnie and Sch{\"o}n, Thomas B and Aston, John and Bouchard-C{\^o}t{\'e}, Alexandre},
  journal={arXiv preprint arXiv:1406.4993},
  year={2014}
}

@inproceedings{naesseth2014sequential,
  title={Sequential Monte Carlo for graphical models},
  author={Naesseth, Christian Andersson and Lindsten, Fredrik and Sch{\"o}n, Thomas B},
  booktitle={Advances in NIPS},
  pages={1862--1870},
  year={2014}
}

@inproceedings{gu2015neural,
  title={Neural Adaptive Sequential Monte Carlo},
  author={Gu, Shixiang and Ghahramani, Zoubin and Turner, Richard E},
  booktitle={Advances in NIPS},
  pages={2611--2619},
  year={2015}
}

@inproceedings{fader2011identifying,
  title={Identifying relations for open information extraction},
  author={Fader, Anthony and Soderland, Stephen and Etzioni, Oren},
  booktitle={Proceedings of EMNLP},
  pages={1535--1545},
  year={2011},
}

@article{kolda2009tensor,
  title={Tensor decompositions and applications},
  author={Kolda, Tamara G and Bader, Brett W},
  journal={SIAM review},
  volume={51},
  number={3},
  pages={455--500},
  year={2009},
  publisher={SIAM}
}

@inproceedings{dong2014knowledge,
  title={Knowledge vault: A web-scale approach to probabilistic knowledge fusion},
  author={Dong, Xin and Gabrilovich, Evgeniy and Heitz, Geremy and Horn, Wilko and Lao, Ni and Murphy, Kevin and Strohmann, Thomas and Sun, Shaohua and Zhang, Wei},
  booktitle={Proceedings of KDD},
  pages={601--610},
  year={2014},
  organization={ACM}
}

@inproceedings{Dong2015,
author = {Dong, Li and Wei, Furu and Zhou, Ming and Xu, Ke},
booktitle = {Proceedings of ACL},
pages = {260--269},
title = {{Question Answering over Freebase with Multi-Column Convolutional Neural Networks}},
year = {2015}
}


@inproceedings{Mintz2009,
author = {Mintz, Mike and Bills, Steven and Snow, Rion and Jurafsky, Dan},
doi = {10.3115/1690219.1690287},
file = {:Users/arongdari/Documents/Mendeley Desktop/distant.supervision.pdf:pdf},
isbn = {9781932432466},
journal = {Proceedings of ACL-IJCNLP},
number = {August},
pages = {1003--1011},
title = {{Distant supervision for relation extraction without labeled data}},
year = {2009}
}

@article{bishop2006pattern,
  title={Pattern Recognition},
  author={Bishop, Christopher M},
  journal={Machine Learning},
  year={2006}
}

@inproceedings{guu2015traversing,
  title={Traversing knowledge graphs in vector space},
  author={Guu, Kelvin and Miller, John and Liang, Percy},
  booktitle={Proceedings of EMNLP},
  year={2015}
}

@inproceedings{guillou2015collaborative,
  title={Collaborative Filtering as a Multi-Armed Bandit},
  author={Guillou, Fr{\'e}d{\'e}ric and Gaudel, Romaric and Preux, Philippe},
  booktitle={NIPS'15 Workshop: Machine Learning for eCommerce},
  year={2015}
}

@inproceedings{mnih2007probabilistic,
  title={Probabilistic matrix factorization},
  author={Mnih, Andriy and Salakhutdinov, Ruslan},
  booktitle={Advances in NIPS},
  pages={1257--1264},
  year={2007}
}

@article{lee1999learning,
  title={Learning the parts of objects by non-negative matrix factorization},
  author={Lee, Daniel D and Seung, H Sebastian},
  journal={Nature},
  volume={401},
  number={6755},
  pages={788--791},
  year={1999},
  publisher={Nature Publishing Group}
}

@inproceedings{sutherland2013active,
  title={Active learning and search on low-rank matrices},
  author={Sutherland, Dougal J and P{\'o}czos, Barnab{\'a}s and Schneider, Jeff},
  booktitle={Proceedings of KDD},
  pages={212--220},
  year={2013},
  organization={ACM}
}

@inproceedings{ruchansky2015matrix,
  title={Matrix Completion with Queries},
  author={Ruchansky, Natali and Crovella, Mark and Terzi, Evimaria},
  booktitle={Proceedings of KDD},
  pages={1025--1034},
  year={2015},
  organization={ACM}
}

@inproceedings{Neelakantan2015,
author = {Neelakantan, Arvind and Roth, Benjamin and McCallum, Andrew},
booktitle = {Proceedings of ACL},
title = {{Compositional Vector Space Models for Knowledge Base Completion}},
year = {2015}
}


@inproceedings{bordes2013translating,
  title={Translating embeddings for modeling multi-relational data},
  author={Bordes, Antoine and Usunier, Nicolas and Garcia-Duran, Alberto and Weston, Jason and Yakhnenko, Oksana},
  booktitle={Advances in NIPS},
  pages={2787--2795},
  year={2013}
}

@article{Lao2010,
author = {Lao, N and Cohen, WW},
journal = {Machine learning},
title = {{Relational retrieval using a combination of path-constrained random walks}},
year = {2010}
}


@inproceedings{kemp2006learning,
  title={Learning systems of concepts with an infinite relational model},
  author={Kemp, Charles and Tenenbaum, Joshua B and Griffiths, Thomas L and Yamada, Takeshi and Ueda, Naonori},
  booktitle={Proceedings of AAAI},
  volume={3},
  pages={5},
  year={2006}
}

@inproceedings{kocak2014spectral,
  title={Spectral Thompson Sampling},
  author={Koc{\'a}k, Tom{\'a}{\v{s}} and Valko, Michal and Munos, R{\'e}mi and Agrawal, Shipra},
  booktitle={Proceedings of AAAI},
  year={2014}
}

@inproceedings{gopalan2014thompson,
  title={Thompson sampling for complex online problems},
  author={Gopalan, Aditya and Mannor, Shie and Mansour, Yishay},
  booktitle={Proceedings of ICML},
  pages={100--108},
  year={2014}
}

@inproceedings{schmidt2009probabilistic,
  title={Probabilistic non-negative tensor factorization using markov chain monte carlo},
  author={Schmidt, Mikkel N and Mohamed, Shakir},
  booktitle={Signal Processing},
  pages={1918--1922},
  year={2009},
  organization={IEEE}
}

@article{yilmaz2012algorithms,
  title={Algorithms for probabilistic latent tensor factorization},
  author={Y{\i}lmaz, Y Kenan and Cemgil, A Taylan},
  journal={Signal Processing},
  volume={92},
  number={8},
  pages={1853--1863},
  year={2012},
  publisher={Elsevier}
}

@inproceedings{xiong2010temporal,
  title={Temporal Collaborative Filtering with Bayesian Probabilistic Tensor Factorization.},
  author={Xiong, Liang and Chen, Xi and Huang, Tzu-Kuo and Schneider, Jeff G and Carbonell, Jaime G},
  booktitle={Proceedings of ICDM},
  volume={10},
  pages={211--222},
  year={2010},
  organization={SIAM}
}

@article{nickel2015review,
  title={A Review of Relational Machine Learning for Knowledge Graphs: From Multi-Relational Link Prediction to Automated Knowledge Graph Construction},
  author={Nickel, Maximilian and Murphy, Kevin and Tresp, Volker and Gabrilovich, Evgeniy},
  journal={arXiv preprint arXiv:1503.00759},
  year={2015}
}

@inproceedings{nickel2011three,
  title={A three-way model for collective learning on multi-relational data},
  author={Nickel, Maximilian and Tresp, Volker and Kriegel, Hans-Peter},
  booktitle={Proceedings of ICML},
  pages={809--816},
  year={2011}
}

@inproceedings{kajino2015active,
  title={Active Learning for Multi-relational Data Construction},
  author={Kajino, Hiroshi and Kishimoto, Akihiro and Botea, Adi and Daly, Elizabeth and Kotoulas, Spyros},
  booktitle={Proceedings of WWW},
  pages={560--569},
  year={2015},
}

@article{del2006sequential,
  title={Sequential monte carlo samplers},
  author={Del Moral, Pierre and Doucet, Arnaud and Jasra, Ajay},
  journal={Journal of the Royal Statistical Society: Series B (Statistical Methodology)},
  volume={68},
  number={3},
  pages={411--436},
  year={2006},
  publisher={Wiley Online Library}
}

@article{chopin2002sequential,
  title={A sequential particle filter method for static models},
  author={Chopin, Nicolas},
  journal={Biometrika},
  volume={89},
  number={3},
  pages={539--552},
  year={2002},
  publisher={Biometrika Trust}
}

@inproceedings{kawale2015efficient,
  title={Efficient Thompson Sampling for Online￼Matrix-Factorization Recommendation},
  author={Kawale, Jaya and Bui, Hung H and Kveton, Branislav and Tran-Thanh, Long and Chawla, Sanjay},
  booktitle={Advances in NIPS},
  pages={1297--1305},
  year={2015}
}

@inproceedings{welling2011bayesian,
  title={Bayesian learning via stochastic gradient Langevin dynamics},
  author={Welling, Max and Teh, Yee W},
  booktitle={Proceedings of ICML},
  pages={681--688},
  year={2011}
}

@article{scott10bandit,
  title={A modern Bayesian look at the multi-armed bandit},
  author={Steven L. Scott},
  journal={Applied Stochastic Models in Business and Industry},
  year=2010,
  volume=26,
  pages={639--658}
}

@inproceedings{li11thompson,
  title = {An Empirical Evaluation of Thompson Sampling},
  author = {Olivier Chapelle and Lihong Li},
  booktitle = {Advances in NIPS},
  year = 2011
}

@inproceedings{west2014knowledge,
  title={Knowledge base completion via search-based question answering},
  author={West, Robert and Gabrilovich, Evgeniy and Murphy, Kevin and Sun, Shaohua and Gupta, Rahul and Lin, Dekang},
  booktitle={Proceedings of WWW},
  pages={515--526},
  year={2014},
  organization={ACM}
}

@inproceedings{min2013distant,
  title={Distant Supervision for Relation Extraction with an Incomplete Knowledge Base},
  author={Min, Bonan and Grishman, Ralph and Wan, Li and Wang, Chang and Gondek, David},
  booktitle={Proceedings of NAACL},
  pages={777--782},
  year={2013}
}

@inproceedings{carlson2010toward,
  title={Toward an Architecture for Never-Ending Language Learning},
  author={Carlson, Andrew and Betteridge, Justin and Kisiel, Bryan and Settles, Burr and Hruschka, Estevam R and Mitchell, Tom M},
  booktitle={Proceedings of AAAI},
  year={2010}
}
