@article{nickel2015review,
  title={A Review of Relational Machine Learning for Knowledge Graphs: From Multi-Relational Link Prediction to Automated Knowledge Graph Construction},
  author={Nickel, Maximilian and Murphy, Kevin and Tresp, Volker and Gabrilovich, Evgeniy},
  journal={arXiv preprint arXiv:1503.00759},
  year={2015}
}

@inproceedings{nickel2011three,
  title={A three-way model for collective learning on multi-relational data},
  author={Nickel, Maximilian and Tresp, Volker and Kriegel, Hans-Peter},
  booktitle={Proceedings of the 28th international conference on machine learning (ICML-11)},
  pages={809--816},
  year={2011}
}

@inproceedings{kajino2015active,
  title={Active Learning for Multi-relational Data Construction},
  author={Kajino, Hiroshi and Kishimoto, Akihiro and Botea, Adi and Daly, Elizabeth and Kotoulas, Spyros},
  booktitle={Proceedings of the 24th International Conference on World Wide Web},
  pages={560--569},
  year={2015},
  organization={International World Wide Web Conferences Steering Committee}
}

@article{del2006sequential,
  title={Sequential monte carlo samplers},
  author={Del Moral, Pierre and Doucet, Arnaud and Jasra, Ajay},
  journal={Journal of the Royal Statistical Society: Series B (Statistical Methodology)},
  volume={68},
  number={3},
  pages={411--436},
  year={2006},
  publisher={Wiley Online Library}
}

@article{chopin2002sequential,
  title={A sequential particle filter method for static models},
  author={Chopin, Nicolas},
  journal={Biometrika},
  volume={89},
  number={3},
  pages={539--552},
  year={2002},
  publisher={Biometrika Trust}
}

@inproceedings{kawale2015efficient,
  title={Efficient Thompson Sampling for Onlineï¿¼ Matrix-Factorization Recommendation},
  author={Kawale, Jaya and Bui, Hung H and Kveton, Branislav and Tran-Thanh, Long and Chawla, Sanjay},
  booktitle={Advances in Neural Information Processing Systems},
  pages={1297--1305},
  year={2015}
}

@inproceedings{welling2011bayesian,
  title={Bayesian learning via stochastic gradient Langevin dynamics},
  author={Welling, Max and Teh, Yee W},
  booktitle={Proceedings of the 28th International Conference on Machine Learning (ICML-11)},
  pages={681--688},
  year={2011}
}
